<?xml version="1.0" encoding="UTF-8"?><collection xmlns="http://www.loc.gov/MARC21/slim"><record><leader>00364nam--2200121-i-4500</leader><controlfield tag="001">000049032</controlfield><controlfield tag="002">20161230</controlfield><controlfield tag="005">20161230201047</controlfield><controlfield tag="008">060222s1000------------r-----000-0-eng-d</controlfield><datafield ind1=" " ind2=" " tag="245"><subfield code="a">Radio-isotopes in der hamatologie. i.internationales symposion</subfield></datafield><datafield ind1=" " ind2=" " tag="260"><subfield code="a">Stuttgart, Fr.-karl Schattauer-verlag, 1963, X+474p</subfield></datafield><datafield ind1=" " ind2=" " tag="700"><subfield code="a">Keiderling,W.Vonundhoffmann,G</subfield></datafield><datafield ind1=" " ind2=" " tag="852"><subfield code="a">19010</subfield></datafield></record></collection>